<record><leader>00000cas a2200000 a 4500</leader><controlfield tag="001">11661781</controlfield><controlfield tag="008">850206d18981911ksuwr ne      0   a0eng d</controlfield><datafield ind1=" " ind2=" " tag="010"><subfield code="a">sn 85030026 </subfield></datafield><datafield ind1=" " ind2=" " tag="040"><subfield code="a">KSH</subfield><subfield code="b">eng</subfield><subfield code="c">KSH</subfield><subfield code="d">NPT</subfield><subfield code="d">OCL</subfield><subfield code="d">OCLCQ</subfield></datafield><datafield ind1=" " ind2=" " tag="042"><subfield code="a">msc</subfield></datafield><datafield ind1="0" ind2="4" tag="245"><subfield code="a">The Lakin investigator.</subfield></datafield><datafield ind1=" " ind2=" " tag="260"><subfield code="a">Lakin, Kan. :</subfield><subfield code="b">F.R. French,</subfield><subfield code="c">1898-1911.</subfield></datafield><datafield ind1=" " ind2=" " tag="300"><subfield code="a">13 v. :</subfield><subfield code="b">ill. ;</subfield><subfield code="c">52-59 cm.</subfield></datafield><datafield ind1=" " ind2=" " tag="310"><subfield code="a">Weekly</subfield></datafield><datafield ind1="0" ind2=" " tag="362"><subfield code="a">Vol. 1, no. 1 (Apr. 13, 1898)-v. 13, no. 36 (Jan. 6, 1911).</subfield></datafield><datafield ind1=" " ind2=" " tag="500"><subfield code="a">Publisher varies.</subfield></datafield><datafield ind1=" " ind2=" " tag="500"><subfield code="a">"Republican."</subfield></datafield><datafield ind1=" " ind2=" " tag="500"><subfield code="a">Includes section called: "Deerfield Page," Feb. 5, 1909-Jan. 6, 1911.</subfield></datafield><datafield ind1=" " ind2=" " tag="752"><subfield code="a">United States</subfield><subfield code="b">Kansas</subfield><subfield code="c">Kearny</subfield><subfield code="d">Lakin.</subfield></datafield><datafield ind1="0" ind2="4" tag="785"><subfield code="t">Kearney County advocate</subfield><subfield code="w">(DLC)sn 85030030</subfield></datafield></record>